@online{fptai,
  author = {FPT.AI},
  title = {Nâng cấp quy trình số hóa tài liệu của doanh nghiệp với công nghệ OCR},
  year = {2020},
  url = {https://fpt.ai/vi/nang-cap-quy-trinh-so-hoa-tai-lieu-cua-doanh-nghiep-voi-cong-nghe-ocr},
  urldate = {2023-07-08}
}

@online{aws,
  author = {AWS},
  title = {OCR (Nhận dạng ký tự quang học) là gì?},
  url = {https://aws.amazon.com/vi/what-is/ocr/},
  urldate = {2023-07-08}
}

@online{aws-deep-learning,
  author = {AWS},
  title = {Học sâu là gì?},
  url = {https://aws.amazon.com/vi/what-is/deep-learning/},
  urldate = {2023-10-08}
}

@online{wiki,
  author = {Wikipedia},
  title = {Optical character recognition},
  year = {2002},
  url = {https://en.wikipedia.org/wiki/Optical_character_recognition},
  urldate = {2023-07-08}
}

@online{wiki-deep-learning,
  author = {Wikipedia},
  title = {Deep learning},
  year = {2012},
  url = {https://en.wikipedia.org/wiki/Deep_learning#Neural_networks},
  urldate = {2023-10-08}
}

@online{veryfi,
  author = {Dave Van Everen},
  title = {The History of OCR},
  year = {2023},
  url = {https://www.veryfi.com/ocr-api-platform/history-of-ocr/},
  urldate = {2023-07-08}
}

@online{ai-vs-traditional,
  author = {Jia Wei Lum},
  title = {AI vs Traditional OCR},
  year = {2020},
  url = {https://medium.com/staple-ai/artificial-intelligence-vs-traditional-ocr-how-staple-rides-the-wave-of-emerging-technologies-e60f2d295a26},
  urldate = {2023-12-08}
}

@article{survey_ocr_Applications,
    author = {Singh, Amarjot and Bacchuwar, Ketan and Bhasin, Akshay},
    year = {2012},
    month = {01},
    pages = {},
    title = {A Survey of OCR Applications},
    journal = {International Journal of Machine Learning and Computing (IJMLC)},
    doi = {10.7763/IJMLC.2012.V2.137}
}

@article{DBLP:journals-corr-abs-2011-13534,
  author       = {Nishant Subramani and
                  Alexandre Matton and
                  Malcolm Greaves and
                  Adrian Lam},
  title        = {A Survey of Deep Learning Approaches for {OCR} and Document Understanding},
  journal      = {CoRR},
  volume       = {abs/2011.13534},
  year         = {2020},
  url          = {https://arxiv.org/abs/2011.13534},
  eprinttype    = {arXiv},
  eprint       = {2011.13534},
  timestamp    = {Tue, 01 Dec 2020 14:59:59 +0100},
  biburl       = {https://dblp.org/rec/journals/corr/abs-2011-13534.bib},
  bibsource    = {dblp computer science bibliography, https://dblp.org}
}

@book{Goodfellow-et-al-2016,
    title={Deep Learning},
    author={Ian Goodfellow and Yoshua Bengio and Aaron Courville},
    publisher={MIT Press},
    note={\url{http://www.deeplearningbook.org}},
    year={2016}
}

@book{Dive-into-ocr-2022,
  title={Dive into OCR},
  author={Chenxia Li and Weiwei Liu and Ruoyu Guo and Xiaoting Yin and
  Kaitao Jiang and Yongkun Du and Yuning Du and
  Lingfeng Zhu and Runjie Jin and Keying Liu and Yehua Yang and
  Ran Bi and Xiaoguang Hu and Dianhai Yu and Yanjun Ma},
  note={\url{https://paddleocr.bj.bcebos.com/ebook/Dive_into_OCR.pdf}},
  year={2022}
}